@article{galerne2018texture,
  title={A texture synthesis model based on semi-discrete optimal transport in patch space},
  author={Galerne, Bruno and Leclaire, Arthur and Rabin, Julien},
  journal={SIAM Journal on Imaging Sciences},
  volume={11},
  number={4},
  pages={2456--2493},
  year={2018},
  publisher={SIAM}
}

@article{aurenhammer1998minkowski,
  title={Minkowski-type theorems and least-squares clustering},
  author={Aurenhammer, Franz and Hoffmann, Friedrich and Aronov, Boris},
  journal={Algorithmica},
  volume={20},
  number={1},
  pages={61--76},
  year={1998},
  publisher={Springer}
}

@article{levy2015numerical,
  title={A numerical algorithm for L2 semi-discrete optimal transport in 3D},
  author={L{\'e}vy, Bruno},
  journal={ESAIM: Mathematical Modelling and Numerical Analysis},
  volume={49},
  number={6},
  pages={1693--1715},
  year={2015},
  publisher={EDP Sciences}
}

@book{villani2003topics,
  title={Topics in optimal transportation},
  author={Villani, C{\'e}dric},
  number={58},
  year={2003},
  publisher={American Mathematical Soc.}
}

@inproceedings{merigot2011multiscale,
  title={A multiscale approach to optimal transport},
  author={M{\'e}rigot, Quentin},
  booktitle={Computer Graphics Forum},
  volume={30},
  number={5},
  pages={1583--1592},
  year={2011},
  organization={Wiley Online Library}
}

@article{galerne2010random,
  title={Random phase textures: Theory and synthesis},
  author={Galerne, Bruno and Gousseau, Yann and Morel, Jean-Michel},
  journal={IEEE Transactions on image processing},
  volume={20},
  number={1},
  pages={257--267},
  year={2010},
  publisher={IEEE}
}

@book{mclachlan2007algorithm,
  title={The EM algorithm and extensions},
  author={McLachlan, Geoffrey J and Krishnan, Thriyambakam},
  volume={382},
  year={2007},
  publisher={John Wiley \& Sons}
}
