% This file was created with JabRef 2.9.2.
% Encoding: ISO8859_1

@BOOK{Agg07,
  title = {Data Streams: Models and Algorithms},
  publisher = {Springer Berlin Heidelberg},
  year = {2007},
  author = {Charu C. Aggarwal}
}

@ARTICLE{Agg05,
  author = {Charu C. Aggarwal},
  title = {On change diagnosis in evolving data streams},
  journal = {IEEE Transactions on Knowledge and Data Engineering},
  year = {2005},
  volume = {17},
  pages = {587--600},
  number = {5},
  month = {May}
}

@INPROCEEDINGS{AggHanWan03,
  author = {Charu C. Aggarwal AND Jiawei Han AND Jianyong Wang AND Philip S.
	Yu},
  title = {A Framework for Clustering Evolving Data Streams},
  booktitle = {29th International Conference on Very Large Data Bases (VLDB)},
  year = {2003},
  volume = {3},
  pages = {81--92}
}

@BOOK{Newman2010,
  title = {Networks: an introduction},
  publisher = {Oxford University Press},
  year = {2010},
  author = {Newman, Mark}
}

@INPROCEEDINGS{Spitz2016a,
  author = {Andreas Spitz and Michael Gertz},
  title = {Terms over {LOAD:} Leveraging Named Entities for Cross-Document Extraction
	and Summarization of Events},
  booktitle = {Proceedings of the 39th International {ACM} {SIGIR} conference on
	Research and Development in Information Retrieval, {SIGIR} 2016,
	Pisa, Italy, July 17-21, 2016},
  year = {2016},
  pages = {503--512},
  bibsource = {dblp computer science bibliography, http://dblp.org},
  biburl = {http://dblp.uni-trier.de/rec/bib/conf/sigir/SpitzG16},
  doi = {10.1145/2911451.2911529},
  timestamp = {Thu, 14 Jul 2016 19:46:27 +0200},
  url = {http://doi.acm.org/10.1145/2911451.2911529}
}

