% !TeX root = mybib.tex

@article{kafka1915,
  author={Kafka, Franz},
  title={Die Verwandlung},
  journal={Die Weißen Blätter. Eine Montasschrift},
  volume={2},
  number={10},
  pages={1177--230},
  year={1915}
}

@book{lang2005,
 author={Lang, Serge},
 title={Algebra},
 edition={Rev. 3. ed., (corr. print.)},
 address={New York},
 publisher={Springer},
 year={2005},
 pagetotal={XV, 914 S.},
 isbn={0-387-95385-X ; 978-0-387-95385-4},
 series={Graduate texts in mathematics},
 number={211},
 language={eng},
 keywords={(s)Algebra},
 library={UB [Signatur:LN-U 3-59::(3,N,4)]},
}





		



Helmut Koch - Galois Theory of p-Extensions (Chapter 7) ???
